%% This BibTeX bibliography file was created using BibDesk.
%% http://bibdesk.sourceforge.net/


%% Created for Amrapali Zaveri at 2012-08-04 19:23:41 +0200 


%% Saved with string encoding Unicode (UTF-8) 



@inproceedings{Furber,
	Author = {F{\"u}rber, Christian and Hepp, Martin},
	Booktitle = {ECIS},
	Date-Added = {2012-08-04 17:22:49 +0000},
	Date-Modified = {2012-08-04 17:23:35 +0000},
	Title = {Swiqa - a semantic web information quality assessment framework},
	Year = {2011}}

@inbook{Heath,
	Author = {Heath, Tom and Bizer, Christian},
	Chapter = {2},
	Date-Added = {2012-08-01 08:52:34 +0000},
	Date-Modified = {2012-08-01 08:58:40 +0000},
	Edition = {1st},
	Number = {1:1},
	Pages = {1 - 136},
	Publisher = {Morgan and Claypool},
	Series = {Synthesis Lecutres on the Semantic Web: Theory and Technology},
	Title = {Linked Data: Evolving the Web into a Global Data Space},
	Year = {2011}}

@inproceedings{Miller,
	Author = {Miller, Paul and Styles, Rob and Heath, Tom},
	Booktitle = {WWW2008 Workshop on Linked Data on the Web},
	Date-Added = {2012-07-29 13:46:26 +0000},
	Date-Modified = {2012-07-29 13:47:11 +0000},
	Title = {Open data commons, a license for open data},
	Year = {2008}}

@techreport{Kifer,
	Author = {Kifer, Michael and Boley, Harold},
	Date-Added = {2012-07-28 12:31:28 +0000},
	Date-Modified = {2012-07-28 12:32:11 +0000},
	Institution = {W3C},
	Month = {June},
	Title = {RIF Overview},
	Year = {2010}}

@techreport{Horrocks,
	Author = {Horrocks, I and Patel-Schneider, P.F. and Boley, H and Tabet, S and Grosof, B and Dean, M},
	Date-Added = {2012-07-28 12:18:46 +0000},
	Date-Modified = {2012-07-28 12:20:35 +0000},
	Institution = {W3C},
	Month = {May},
	Title = {SWRL: A semantic web rule language combining OWL and RuleML},
	Year = {2004}}

@techreport{Brickley2004,
	Author = {Brickley, Dan and Guha, Ramanathan V.},
	Date-Modified = {2012-07-26 12:52:16 +0000},
	Institution = {W3C},
	Note = {\url{http://www.w3.org/TR/2004/REC-rdf-schema-20040210/}},
	Series = {W3C Recommendation},
	Title = {RDF Vocabulary Description Language 1.0: RDF Schema},
	Year = 2004}

@techreport{Hayes:2004,
	Added-At = {2009-06-18T17:52:45.000+0200},
	Author = {Hayes, Patrick},
	Institution = {{World Wide Web Consortium}},
	Note = {\url{http://www.w3.org/TR/2004/REC-rdf-mt-20040210}},
	Timestamp = {2009-06-18T17:52:45.000+0200},
	Title = {{RDF Semantics}},
	Type = {{Recommendation}},
	Year = 2004}

@techreport{Beckett:2004,
	Author = {Beckett, David},
	Editor = {Beckett, David},
	Institution = {{World Wide Web Consortium}},
	Note = {\url{http://www.w3.org/TR/2004/REC-rdf-syntax-grammar-20040210/}},
	Timestamp = {2008-02-11T08:37:54.000+0100},
	Title = {R{DF}/{XML} {S}yntax {S}pecification ({R}evised)},
	Type = {W3C Recommendation},
	Year = 2004}

@article{Rula2012,
	Author = {Rula, Anisa and Palmonari, Matteo and Maurino, Andrea},
	Booktitle = {Proceedings of the},
	Date-Added = {2012-07-21 19:25:56 +0000},
	Date-Modified = {2012-07-26 12:45:53 +0000},
	Title = {Capturing the Age of Linked Open Data: Towards a Dataset-independent Framework},
	Year = {2012},
	Bdsk-File-1 = {YnBsaXN0MDDUAQIDBAUIJidUJHRvcFgkb2JqZWN0c1gkdmVyc2lvblkkYXJjaGl2ZXLRBgdUcm9vdIABqAkKFRYXGyIjVSRudWxs0wsMDQ4RFFpOUy5vYmplY3RzV05TLmtleXNWJGNsYXNzog8QgASABqISE4ACgAOAB1lhbGlhc0RhdGFccmVsYXRpdmVQYXRo0hgNGRpXTlMuZGF0YU8RAfIAAAAAAfIAAgAACEFtcmFwYWxpAAAAAAAAAAAAAAAAAAAAAAAAAMl5pDhIKwAAAdEtaRlNYXVyaW5vXzIwMTJfQ3VycmVuY3kucGRmAAAAAAAAAAAAAAAAAAAAAAAAAAAAAAAAAAAAAAAAAAAAAAAAAAAB29RRjvRIcAAAAAAAAAAAAAMABgAACSAAAAAAAAAAAAAAAAAAAAAFVHJ1c3QAABAACAAAyXmWKAAAABEACAAAjvQ6YAAAAAEAGAHRLWkBsheVAJC+IwCQve4AkJcBAAzwTgACAGZBbXJhcGFsaTpBbXJhcGFsaToARGF0YV9RdWFsaXR5X1N1cnZleToAUGFwZXJzOgBMSXRTZWFyY2g6AEZpbmFsaXplZDoAVHJ1c3Q6AE1hdXJpbm9fMjAxMl9DdXJyZW5jeS5wZGYADgA0ABkATQBhAHUAcgBpAG4AbwBfADIAMAAxADIAXwBDAHUAcgByAGUAbgBjAHkALgBwAGQAZgAPABIACABBAG0AcgBhAHAAYQBsAGkAEgBXQW1yYXBhbGkvRGF0YV9RdWFsaXR5X1N1cnZleS9QYXBlcnMvTEl0U2VhcmNoL0ZpbmFsaXplZC9UcnVzdC9NYXVyaW5vXzIwMTJfQ3VycmVuY3kucGRmAAATAAEvAP//AACABdIcHR4fWCRjbGFzc2VzWiRjbGFzc25hbWWjHyAhXU5TTXV0YWJsZURhdGFWTlNEYXRhWE5TT2JqZWN0XxBXLi4vLi4vLi4vRGF0YV9RdWFsaXR5X1N1cnZleS9QYXBlcnMvTEl0U2VhcmNoL0ZpbmFsaXplZC9UcnVzdC9NYXVyaW5vXzIwMTJfQ3VycmVuY3kucGRm0hwdJCWiJSFcTlNEaWN0aW9uYXJ5EgABhqBfEA9OU0tleWVkQXJjaGl2ZXIACAARABYAHwAoADIANQA6ADwARQBLAFIAXQBlAGwAbwBxAHMAdgB4AHoAfACGAJMAmACgApYCmAKdAqYCsQK1AsMCygLTAy0DMgM1A0IDRwAAAAAAAAIBAAAAAAAAACgAAAAAAAAAAAAAAAAAAANZ}}

@article{Bonatti2011,
	Author = {Bonatti, Piero A. and Hogan, Aidan and Polleres, Axel and Sauro, Luigi},
	Date-Added = {2012-07-21 19:22:11 +0000},
	Date-Modified = {2012-07-21 19:23:04 +0000},
	Journal = {Journal of Web Semantics},
	Number = {2},
	Pages = {165 - 201},
	Title = {Robust and scalable Linked Data reasoning incorporating provenance and trust annotations},
	Volume = {9},
	Year = {2011},
	Bdsk-File-1 = {YnBsaXN0MDDUAQIDBAUIJidUJHRvcFgkb2JqZWN0c1gkdmVyc2lvblkkYXJjaGl2ZXLRBgdUcm9vdIABqAkKFRYXGyIjVSRudWxs0wsMDQ4RFFpOUy5vYmplY3RzV05TLmtleXNWJGNsYXNzog8QgASABqISE4ACgAOAB1lhbGlhc0RhdGFccmVsYXRpdmVQYXRo0hgNGRpXTlMuZGF0YU8RAhAAAAAAAhAAAgAACEFtcmFwYWxpAAAAAAAAAAAAAAAAAAAAAAAAAMl5pDhIKwAAAdEtaR9Cb25hdHRpXzIwMTFfcHJvdmVuIzFEQkQ0NTMucGRmAAAAAAAAAAAAAAAAAAAAAAAAAAAAAAAAAAAAAAAAAAAB29RTjvRIcAAAAAAAAAAAAAMABgAACSAAAAAAAAAAAAAAAAAAAAAFVHJ1c3QAABAACAAAyXmWKAAAABEACAAAjvQ6YAAAAAEAGAHRLWkBsheVAJC+IwCQve4AkJcBAAzwTgACAGxBbXJhcGFsaTpBbXJhcGFsaToARGF0YV9RdWFsaXR5X1N1cnZleToAUGFwZXJzOgBMSXRTZWFyY2g6AEZpbmFsaXplZDoAVHJ1c3Q6AEJvbmF0dGlfMjAxMV9wcm92ZW4jMURCRDQ1My5wZGYADgBEACEAQgBvAG4AYQB0AHQAaQBfADIAMAAxADEAXwBwAHIAbwB2AGUAbgBhAG4AYwBlAF8AdAByAHUAcwB0AC4AcABkAGYADwASAAgAQQBtAHIAYQBwAGEAbABpABIAX0FtcmFwYWxpL0RhdGFfUXVhbGl0eV9TdXJ2ZXkvUGFwZXJzL0xJdFNlYXJjaC9GaW5hbGl6ZWQvVHJ1c3QvQm9uYXR0aV8yMDExX3Byb3ZlbmFuY2VfdHJ1c3QucGRmAAATAAEvAP//AACABdIcHR4fWCRjbGFzc2VzWiRjbGFzc25hbWWjHyAhXU5TTXV0YWJsZURhdGFWTlNEYXRhWE5TT2JqZWN0XxBfLi4vLi4vLi4vRGF0YV9RdWFsaXR5X1N1cnZleS9QYXBlcnMvTEl0U2VhcmNoL0ZpbmFsaXplZC9UcnVzdC9Cb25hdHRpXzIwMTFfcHJvdmVuYW5jZV90cnVzdC5wZGbSHB0kJaIlIVxOU0RpY3Rpb25hcnkSAAGGoF8QD05TS2V5ZWRBcmNoaXZlcgAIABEAFgAfACgAMgA1ADoAPABFAEsAUgBdAGUAbABvAHEAcwB2AHgAegB8AIYAkwCYAKACtAK2ArsCxALPAtMC4QLoAvEDUwNYA1sDaANtAAAAAAAAAgEAAAAAAAAAKAAAAAAAAAAAAAAAAAAAA38=}}

@inproceedings{Jacobi2011,
	Author = {Jacobi, Ian and Kagal, Lalana and Khandelwal, Ankesh},
	Booktitle = {Proceedings of the 5th international conference on Rule-based reasoning, programming, and applications series},
	Date-Added = {2012-07-21 19:14:36 +0000},
	Date-Modified = {2012-07-22 13:58:48 +0000},
	Pages = {227 - 241},
	Title = {Rule-based trust assessment on the semantic web},
	Year = {2011},
	Bdsk-File-1 = {YnBsaXN0MDDUAQIDBAUIJidUJHRvcFgkb2JqZWN0c1gkdmVyc2lvblkkYXJjaGl2ZXLRBgdUcm9vdIABqAkKFRYXGyIjVSRudWxs0wsMDQ4RFFpOUy5vYmplY3RzV05TLmtleXNWJGNsYXNzog8QgASABqISE4ACgAOAB1lhbGlhc0RhdGFccmVsYXRpdmVQYXRo0hgNGRpXTlMuZGF0YU8RAeIAAAAAAeIAAgAACEFtcmFwYWxpAAAAAAAAAAAAAAAAAAAAAAAAAMl5pDhIKwAAAdEtaRVKYWNvYmlfMjAxMV90cnVzdC5wZGYAAAAAAAAAAAAAAAAAAAAAAAAAAAAAAAAAAAAAAAAAAAAAAAAAAAAAAAAB29RSjvRIcAAAAAAAAAAAAAMABgAACSAAAAAAAAAAAAAAAAAAAAAFVHJ1c3QAABAACAAAyXmWKAAAABEACAAAjvQ6YAAAAAEAGAHRLWkBsheVAJC+IwCQve4AkJcBAAzwTgACAGJBbXJhcGFsaTpBbXJhcGFsaToARGF0YV9RdWFsaXR5X1N1cnZleToAUGFwZXJzOgBMSXRTZWFyY2g6AEZpbmFsaXplZDoAVHJ1c3Q6AEphY29iaV8yMDExX3RydXN0LnBkZgAOACwAFQBKAGEAYwBvAGIAaQBfADIAMAAxADEAXwB0AHIAdQBzAHQALgBwAGQAZgAPABIACABBAG0AcgBhAHAAYQBsAGkAEgBTQW1yYXBhbGkvRGF0YV9RdWFsaXR5X1N1cnZleS9QYXBlcnMvTEl0U2VhcmNoL0ZpbmFsaXplZC9UcnVzdC9KYWNvYmlfMjAxMV90cnVzdC5wZGYAABMAAS8A//8AAIAF0hwdHh9YJGNsYXNzZXNaJGNsYXNzbmFtZaMfICFdTlNNdXRhYmxlRGF0YVZOU0RhdGFYTlNPYmplY3RfEFMuLi8uLi8uLi9EYXRhX1F1YWxpdHlfU3VydmV5L1BhcGVycy9MSXRTZWFyY2gvRmluYWxpemVkL1RydXN0L0phY29iaV8yMDExX3RydXN0LnBkZtIcHSQloiUhXE5TRGljdGlvbmFyeRIAAYagXxAPTlNLZXllZEFyY2hpdmVyAAgAEQAWAB8AKAAyADUAOgA8AEUASwBSAF0AZQBsAG8AcQBzAHYAeAB6AHwAhgCTAJgAoAKGAogCjQKWAqECpQKzAroCwwMZAx4DIQMuAzMAAAAAAAACAQAAAAAAAAAoAAAAAAAAAAAAAAAAAAADRQ==}}

@article{Gil2007,
	Author = {Gil, Yolanda and Artz, Donovan},
	Date-Added = {2012-07-21 17:22:22 +0000},
	Date-Modified = {2012-07-21 19:07:05 +0000},
	Journal = {Web Semantics},
	Month = {December},
	Number = {4},
	Pages = {227 - 239},
	Title = {Towards content trust of web resources},
	Volume = {5},
	Year = {2007},
	Bdsk-File-1 = {YnBsaXN0MDDUAQIDBAUIJidUJHRvcFgkb2JqZWN0c1gkdmVyc2lvblkkYXJjaGl2ZXLRBgdUcm9vdIABqAkKFRYXGyIjVSRudWxs0wsMDQ4RFFpOUy5vYmplY3RzV05TLmtleXNWJGNsYXNzog8QgASABqISE4ACgAOAB1lhbGlhc0RhdGFccmVsYXRpdmVQYXRo0hgNGRpXTlMuZGF0YU8RAfIAAAAAAfIAAgAACEFtcmFwYWxpAAAAAAAAAAAAAAAAAAAAAAAAAMl5pDhIKwAAAdEtaRlHaWxfMjAwN19Db250ZW50VHJ1c3QucGRmAAAAAAAAAAAAAAAAAAAAAAAAAAAAAAAAAAAAAAAAAAAAAAAAAAAB283jzDDKpwAAAAAAAAAAAAMABgAACSAAAAAAAAAAAAAAAAAAAAAFVHJ1c3QAABAACAAAyXmWKAAAABEACAAAzDCuhwAAAAEAGAHRLWkBsheVAJC+IwCQve4AkJcBAAzwTgACAGZBbXJhcGFsaTpBbXJhcGFsaToARGF0YV9RdWFsaXR5X1N1cnZleToAUGFwZXJzOgBMSXRTZWFyY2g6AEZpbmFsaXplZDoAVHJ1c3Q6AEdpbF8yMDA3X0NvbnRlbnRUcnVzdC5wZGYADgA0ABkARwBpAGwAXwAyADAAMAA3AF8AQwBvAG4AdABlAG4AdABUAHIAdQBzAHQALgBwAGQAZgAPABIACABBAG0AcgBhAHAAYQBsAGkAEgBXQW1yYXBhbGkvRGF0YV9RdWFsaXR5X1N1cnZleS9QYXBlcnMvTEl0U2VhcmNoL0ZpbmFsaXplZC9UcnVzdC9HaWxfMjAwN19Db250ZW50VHJ1c3QucGRmAAATAAEvAP//AACABdIcHR4fWCRjbGFzc2VzWiRjbGFzc25hbWWjHyAhXU5TTXV0YWJsZURhdGFWTlNEYXRhWE5TT2JqZWN0XxBXLi4vLi4vLi4vRGF0YV9RdWFsaXR5X1N1cnZleS9QYXBlcnMvTEl0U2VhcmNoL0ZpbmFsaXplZC9UcnVzdC9HaWxfMjAwN19Db250ZW50VHJ1c3QucGRm0hwdJCWiJSFcTlNEaWN0aW9uYXJ5EgABhqBfEA9OU0tleWVkQXJjaGl2ZXIACAARABYAHwAoADIANQA6ADwARQBLAFIAXQBlAGwAbwBxAHMAdgB4AHoAfACGAJMAmACgApYCmAKdAqYCsQK1AsMCygLTAy0DMgM1A0IDRwAAAAAAAAIBAAAAAAAAACgAAAAAAAAAAAAAAAAAAANZ}}

@inproceedings{Golbeck2003,
	Author = {Jennifer Golbeck and Bijan Parsia and James Hendler},
	Booktitle = {In Proceedings of Cooperative Intelligent Agents},
	Date-Added = {2012-07-21 17:20:14 +0000},
	Date-Modified = {2012-07-21 17:21:50 +0000},
	Title = {Trust Networks on the Semantic Web},
	Year = {2003},
	Bdsk-File-1 = {YnBsaXN0MDDUAQIDBAUIJidUJHRvcFgkb2JqZWN0c1gkdmVyc2lvblkkYXJjaGl2ZXLRBgdUcm9vdIABqAkKFRYXGyIjVSRudWxs0wsMDQ4RFFpOUy5vYmplY3RzV05TLmtleXNWJGNsYXNzog8QgASABqISE4ACgAOAB1lhbGlhc0RhdGFccmVsYXRpdmVQYXRo0hgNGRpXTlMuZGF0YU8RAgYAAAAAAgYAAgAACEFtcmFwYWxpAAAAAAAAAAAAAAAAAAAAAAAAAMl5pDhIKwAAAdEtaR5Hb2xiZWNrXzIwMDNfVHJ1c3ROZXR3b3Jrcy5wZGYAAAAAAAAAAAAAAAAAAAAAAAAAAAAAAAAAAAAAAAAAAAAB1X77zCMEeQAAAAAAAAAAAAMABgAACSAAAAAAAAAAAAAAAAAAAAAFVHJ1c3QAABAACAAAyXmWKAAAABEACAAAzCLoWQAAAAEAGAHRLWkBsheVAJC+IwCQve4AkJcBAAzwTgACAGtBbXJhcGFsaTpBbXJhcGFsaToARGF0YV9RdWFsaXR5X1N1cnZleToAUGFwZXJzOgBMSXRTZWFyY2g6AEZpbmFsaXplZDoAVHJ1c3Q6AEdvbGJlY2tfMjAwM19UcnVzdE5ldHdvcmtzLnBkZgAADgA+AB4ARwBvAGwAYgBlAGMAawBfADIAMAAwADMAXwBUAHIAdQBzAHQATgBlAHQAdwBvAHIAawBzAC4AcABkAGYADwASAAgAQQBtAHIAYQBwAGEAbABpABIAXEFtcmFwYWxpL0RhdGFfUXVhbGl0eV9TdXJ2ZXkvUGFwZXJzL0xJdFNlYXJjaC9GaW5hbGl6ZWQvVHJ1c3QvR29sYmVja18yMDAzX1RydXN0TmV0d29ya3MucGRmABMAAS8A//8AAIAF0hwdHh9YJGNsYXNzZXNaJGNsYXNzbmFtZaMfICFdTlNNdXRhYmxlRGF0YVZOU0RhdGFYTlNPYmplY3RfEFwuLi8uLi8uLi9EYXRhX1F1YWxpdHlfU3VydmV5L1BhcGVycy9MSXRTZWFyY2gvRmluYWxpemVkL1RydXN0L0dvbGJlY2tfMjAwM19UcnVzdE5ldHdvcmtzLnBkZtIcHSQloiUhXE5TRGljdGlvbmFyeRIAAYagXxAPTlNLZXllZEFyY2hpdmVyAAgAEQAWAB8AKAAyADUAOgA8AEUASwBSAF0AZQBsAG8AcQBzAHYAeAB6AHwAhgCTAJgAoAKqAqwCsQK6AsUCyQLXAt4C5wNGA0sDTgNbA2AAAAAAAAACAQAAAAAAAAAoAAAAAAAAAAAAAAAAAAADcg==}}

@inproceedings{Gil2002,
	Author = {Gil, Yolanda and Ratnakar, Varun},
	Booktitle = {Proceedings of the First International Semantic Web Conference on The Semantic Web},
	Date-Added = {2012-07-21 17:18:43 +0000},
	Date-Modified = {2012-07-21 19:57:14 +0000},
	Pages = {162 - 176},
	Publisher = {Springer-Verlag},
	Title = {Trusting Information Sources One Citizen at a Time},
	Year = {2002},
	Bdsk-File-1 = {YnBsaXN0MDDUAQIDBAUIJidUJHRvcFgkb2JqZWN0c1gkdmVyc2lvblkkYXJjaGl2ZXLRBgdUcm9vdIABqAkKFRYXGyIjVSRudWxs0wsMDQ4RFFpOUy5vYmplY3RzV05TLmtleXNWJGNsYXNzog8QgASABqISE4ACgAOAB1lhbGlhc0RhdGFccmVsYXRpdmVQYXRo0hgNGRpXTlMuZGF0YU8RAdYAAAAAAdYAAgAACEFtcmFwYWxpAAAAAAAAAAAAAAAAAAAAAAAAAMl5pDhIKwAAAdEtaRJHaWxfMjAwMl9UcnVzdC5wZGYAAAAAAAAAAAAAAAAAAAAAAAAAAAAAAAAAAAAAAAAAAAAAAAAAAAAAAAAAAAAB0S1ty5tOOQAAAAAAAAAAAAMABgAACSAAAAAAAAAAAAAAAAAAAAAFVHJ1c3QAABAACAAAyXmWKAAAABEACAAAy5syGQAAAAEAGAHRLWkBsheVAJC+IwCQve4AkJcBAAzwTgACAF9BbXJhcGFsaTpBbXJhcGFsaToARGF0YV9RdWFsaXR5X1N1cnZleToAUGFwZXJzOgBMSXRTZWFyY2g6AEZpbmFsaXplZDoAVHJ1c3Q6AEdpbF8yMDAyX1RydXN0LnBkZgAADgAmABIARwBpAGwAXwAyADAAMAAyAF8AVAByAHUAcwB0AC4AcABkAGYADwASAAgAQQBtAHIAYQBwAGEAbABpABIAUEFtcmFwYWxpL0RhdGFfUXVhbGl0eV9TdXJ2ZXkvUGFwZXJzL0xJdFNlYXJjaC9GaW5hbGl6ZWQvVHJ1c3QvR2lsXzIwMDJfVHJ1c3QucGRmABMAAS8A//8AAIAF0hwdHh9YJGNsYXNzZXNaJGNsYXNzbmFtZaMfICFdTlNNdXRhYmxlRGF0YVZOU0RhdGFYTlNPYmplY3RfEFAuLi8uLi8uLi9EYXRhX1F1YWxpdHlfU3VydmV5L1BhcGVycy9MSXRTZWFyY2gvRmluYWxpemVkL1RydXN0L0dpbF8yMDAyX1RydXN0LnBkZtIcHSQloiUhXE5TRGljdGlvbmFyeRIAAYagXxAPTlNLZXllZEFyY2hpdmVyAAgAEQAWAB8AKAAyADUAOgA8AEUASwBSAF0AZQBsAG8AcQBzAHYAeAB6AHwAhgCTAJgAoAJ6AnwCgQKKApUCmQKnAq4CtwMKAw8DEgMfAyQAAAAAAAACAQAAAAAAAAAoAAAAAAAAAAAAAAAAAAADNg==}}

@inproceedings{Golbeck2006,
	Author = {Jennifer Golbeck},
	Booktitle = {Proceedings of the Workshop on Models of Trust on the Web, at the 15th World Wide Web conference},
	Date-Added = {2012-07-21 17:14:17 +0000},
	Date-Modified = {2012-07-21 17:16:15 +0000},
	Title = {Using Trust and Provenance for Content Filtering on the Semantic Web},
	Year = {2006},
	Bdsk-File-1 = {YnBsaXN0MDDUAQIDBAUIJidUJHRvcFgkb2JqZWN0c1gkdmVyc2lvblkkYXJjaGl2ZXLRBgdUcm9vdIABqAkKFRYXGyIjVSRudWxs0wsMDQ4RFFpOUy5vYmplY3RzV05TLmtleXNWJGNsYXNzog8QgASABqISE4ACgAOAB1lhbGlhc0RhdGFccmVsYXRpdmVQYXRo0hgNGRpXTlMuZGF0YU8RAeYAAAAAAeYAAgAACEFtcmFwYWxpAAAAAAAAAAAAAAAAAAAAAAAAAMl5pDhIKwAAAdEtaRZHb2xiZWNrXzIwMDZfVHJ1c3QucGRmAAAAAAAAAAAAAAAAAAAAAAAAAAAAAAAAAAAAAAAAAAAAAAAAAAAAAAAB0S1uy5tNrgAAAAAAAAAAAAMABgAACSAAAAAAAAAAAAAAAAAAAAAFVHJ1c3QAABAACAAAyXmWKAAAABEACAAAy5sxjgAAAAEAGAHRLWkBsheVAJC+IwCQve4AkJcBAAzwTgACAGNBbXJhcGFsaTpBbXJhcGFsaToARGF0YV9RdWFsaXR5X1N1cnZleToAUGFwZXJzOgBMSXRTZWFyY2g6AEZpbmFsaXplZDoAVHJ1c3Q6AEdvbGJlY2tfMjAwNl9UcnVzdC5wZGYAAA4ALgAWAEcAbwBsAGIAZQBjAGsAXwAyADAAMAA2AF8AVAByAHUAcwB0AC4AcABkAGYADwASAAgAQQBtAHIAYQBwAGEAbABpABIAVEFtcmFwYWxpL0RhdGFfUXVhbGl0eV9TdXJ2ZXkvUGFwZXJzL0xJdFNlYXJjaC9GaW5hbGl6ZWQvVHJ1c3QvR29sYmVja18yMDA2X1RydXN0LnBkZgATAAEvAP//AACABdIcHR4fWCRjbGFzc2VzWiRjbGFzc25hbWWjHyAhXU5TTXV0YWJsZURhdGFWTlNEYXRhWE5TT2JqZWN0XxBULi4vLi4vLi4vRGF0YV9RdWFsaXR5X1N1cnZleS9QYXBlcnMvTEl0U2VhcmNoL0ZpbmFsaXplZC9UcnVzdC9Hb2xiZWNrXzIwMDZfVHJ1c3QucGRm0hwdJCWiJSFcTlNEaWN0aW9uYXJ5EgABhqBfEA9OU0tleWVkQXJjaGl2ZXIACAARABYAHwAoADIANQA6ADwARQBLAFIAXQBlAGwAbwBxAHMAdgB4AHoAfACGAJMAmACgAooCjAKRApoCpQKpArcCvgLHAx4DIwMmAzMDOAAAAAAAAAIBAAAAAAAAACgAAAAAAAAAAAAAAAAAAANK}}

@article{Shekarpour2010,
	Author = {Saeedeh Shekarpour and S.D. Katebi},
	Date-Added = {2012-07-21 17:00:28 +0000},
	Date-Modified = {2012-07-21 19:58:41 +0000},
	Journal = {Web Semantics: Science, Services and Agents on the World Wide Web},
	Month = {March},
	Number = {1},
	Pages = {26 - 36},
	Title = {Modeling and evaluation of trust with an extension in semantic web},
	Volume = {8},
	Year = {2010},
	Bdsk-File-1 = {YnBsaXN0MDDUAQIDBAUIJidUJHRvcFgkb2JqZWN0c1gkdmVyc2lvblkkYXJjaGl2ZXLRBgdUcm9vdIABqAkKFRYXGyIjVSRudWxs0wsMDQ4RFFpOUy5vYmplY3RzV05TLmtleXNWJGNsYXNzog8QgASABqISE4ACgAOAB1lhbGlhc0RhdGFccmVsYXRpdmVQYXRo0hgNGRpXTlMuZGF0YU8RAfIAAAAAAfIAAgAACEFtcmFwYWxpAAAAAAAAAAAAAAAAAAAAAAAAAMl5pDhIKwAAAdEtaRlTaGVrYXJwb3VyXzIwMDhfVHJ1c3QucGRmAAAAAAAAAAAAAAAAAAAAAAAAAAAAAAAAAAAAAAAAAAAAAAAAAAAB0S1yy3EVZQAAAAAAAAAAAAMABgAACSAAAAAAAAAAAAAAAAAAAAAFVHJ1c3QAABAACAAAyXmWKAAAABEACAAAy3EHVQAAAAEAGAHRLWkBsheVAJC+IwCQve4AkJcBAAzwTgACAGZBbXJhcGFsaTpBbXJhcGFsaToARGF0YV9RdWFsaXR5X1N1cnZleToAUGFwZXJzOgBMSXRTZWFyY2g6AEZpbmFsaXplZDoAVHJ1c3Q6AFNoZWthcnBvdXJfMjAwOF9UcnVzdC5wZGYADgA0ABkAUwBoAGUAawBhAHIAcABvAHUAcgBfADIAMAAwADgAXwBUAHIAdQBzAHQALgBwAGQAZgAPABIACABBAG0AcgBhAHAAYQBsAGkAEgBXQW1yYXBhbGkvRGF0YV9RdWFsaXR5X1N1cnZleS9QYXBlcnMvTEl0U2VhcmNoL0ZpbmFsaXplZC9UcnVzdC9TaGVrYXJwb3VyXzIwMDhfVHJ1c3QucGRmAAATAAEvAP//AACABdIcHR4fWCRjbGFzc2VzWiRjbGFzc25hbWWjHyAhXU5TTXV0YWJsZURhdGFWTlNEYXRhWE5TT2JqZWN0XxBXLi4vLi4vLi4vRGF0YV9RdWFsaXR5X1N1cnZleS9QYXBlcnMvTEl0U2VhcmNoL0ZpbmFsaXplZC9UcnVzdC9TaGVrYXJwb3VyXzIwMDhfVHJ1c3QucGRm0hwdJCWiJSFcTlNEaWN0aW9uYXJ5EgABhqBfEA9OU0tleWVkQXJjaGl2ZXIACAARABYAHwAoADIANQA6ADwARQBLAFIAXQBlAGwAbwBxAHMAdgB4AHoAfACGAJMAmACgApYCmAKdAqYCsQK1AsMCygLTAy0DMgM1A0IDRwAAAAAAAAIBAAAAAAAAACgAAAAAAAAAAAAAAAAAAANZ}}

@inproceedings{Gamble2011,
	Author = {Gamble, Matthew and Goble, Carole},
	Booktitle = {ACM WebSci'11, Koblenz, Germany.},
	Date-Added = {2012-07-21 16:58:06 +0000},
	Date-Modified = {2012-07-21 16:59:19 +0000},
	Month = {June},
	Pages = {1-8},
	Title = {Quality, Trust, and Utility of Scientific Data on the Web: Towards a Joint Model},
	Year = {2011},
	Bdsk-File-1 = {YnBsaXN0MDDUAQIDBAUIJidUJHRvcFgkb2JqZWN0c1gkdmVyc2lvblkkYXJjaGl2ZXLRBgdUcm9vdIABqAkKFRYXGyIjVSRudWxs0wsMDQ4RFFpOUy5vYmplY3RzV05TLmtleXNWJGNsYXNzog8QgASABqISE4ACgAOAB1lhbGlhc0RhdGFccmVsYXRpdmVQYXRo0hgNGRpXTlMuZGF0YU8RAeIAAAAAAeIAAgAACEFtcmFwYWxpAAAAAAAAAAAAAAAAAAAAAAAAAMl5pDhIKwAAAdEtaRVHYW1ibGVfMjAxMV9UcnVzdC5wZGYAAAAAAAAAAAAAAAAAAAAAAAAAAAAAAAAAAAAAAAAAAAAAAAAAAAAAAAAB0S1sy3EYbgAAAAAAAAAAAAMABgAACSAAAAAAAAAAAAAAAAAAAAAFVHJ1c3QAABAACAAAyXmWKAAAABEACAAAy3EKXgAAAAEAGAHRLWkBsheVAJC+IwCQve4AkJcBAAzwTgACAGJBbXJhcGFsaTpBbXJhcGFsaToARGF0YV9RdWFsaXR5X1N1cnZleToAUGFwZXJzOgBMSXRTZWFyY2g6AEZpbmFsaXplZDoAVHJ1c3Q6AEdhbWJsZV8yMDExX1RydXN0LnBkZgAOACwAFQBHAGEAbQBiAGwAZQBfADIAMAAxADEAXwBUAHIAdQBzAHQALgBwAGQAZgAPABIACABBAG0AcgBhAHAAYQBsAGkAEgBTQW1yYXBhbGkvRGF0YV9RdWFsaXR5X1N1cnZleS9QYXBlcnMvTEl0U2VhcmNoL0ZpbmFsaXplZC9UcnVzdC9HYW1ibGVfMjAxMV9UcnVzdC5wZGYAABMAAS8A//8AAIAF0hwdHh9YJGNsYXNzZXNaJGNsYXNzbmFtZaMfICFdTlNNdXRhYmxlRGF0YVZOU0RhdGFYTlNPYmplY3RfEFMuLi8uLi8uLi9EYXRhX1F1YWxpdHlfU3VydmV5L1BhcGVycy9MSXRTZWFyY2gvRmluYWxpemVkL1RydXN0L0dhbWJsZV8yMDExX1RydXN0LnBkZtIcHSQloiUhXE5TRGljdGlvbmFyeRIAAYagXxAPTlNLZXllZEFyY2hpdmVyAAgAEQAWAB8AKAAyADUAOgA8AEUASwBSAF0AZQBsAG8AcQBzAHYAeAB6AHwAhgCTAJgAoAKGAogCjQKWAqECpQKzAroCwwMZAx4DIQMuAzMAAAAAAAACAQAAAAAAAAAoAAAAAAAAAAAAAAAAAAADRQ==}}

@inproceedings{Hartig2008,
	Author = {Olaf Hartig},
	Booktitle = {STI Berlin and CSW PhD Workshop, Berlin, Germany},
	Date-Added = {2012-07-21 16:52:47 +0000},
	Date-Modified = {2012-07-21 19:59:18 +0000},
	Title = {Trustworthiness of Data on the Web},
	Year = {2008},
	Bdsk-File-1 = {YnBsaXN0MDDUAQIDBAUIJidUJHRvcFgkb2JqZWN0c1gkdmVyc2lvblkkYXJjaGl2ZXLRBgdUcm9vdIABqAkKFRYXGyIjVSRudWxs0wsMDQ4RFFpOUy5vYmplY3RzV05TLmtleXNWJGNsYXNzog8QgASABqISE4ACgAOAB1lhbGlhc0RhdGFccmVsYXRpdmVQYXRo0hgNGRpXTlMuZGF0YU8RAfYAAAAAAfYAAgAACEFtcmFwYWxpAAAAAAAAAAAAAAAAAAAAAAAAAMl5pDhIKwAAAdEtaRpIYXJ0aWdfMjAwOV9UcnVzdE9uV2ViLnBkZgAAAAAAAAAAAAAAAAAAAAAAAAAAAAAAAAAAAAAAAAAAAAAAAAAB0S1wzCCWmlBERiBDQVJPAAMABgAACSAAAAAAAAAAAAAAAAAAAAAFVHJ1c3QAABAACAAAyXmWKAAAABEACAAAzCB6egAAAAEAGAHRLWkBsheVAJC+IwCQve4AkJcBAAzwTgACAGdBbXJhcGFsaTpBbXJhcGFsaToARGF0YV9RdWFsaXR5X1N1cnZleToAUGFwZXJzOgBMSXRTZWFyY2g6AEZpbmFsaXplZDoAVHJ1c3Q6AEhhcnRpZ18yMDA5X1RydXN0T25XZWIucGRmAAAOADYAGgBIAGEAcgB0AGkAZwBfADIAMAAwADkAXwBUAHIAdQBzAHQATwBuAFcAZQBiAC4AcABkAGYADwASAAgAQQBtAHIAYQBwAGEAbABpABIAWEFtcmFwYWxpL0RhdGFfUXVhbGl0eV9TdXJ2ZXkvUGFwZXJzL0xJdFNlYXJjaC9GaW5hbGl6ZWQvVHJ1c3QvSGFydGlnXzIwMDlfVHJ1c3RPbldlYi5wZGYAEwABLwD//wAAgAXSHB0eH1gkY2xhc3Nlc1okY2xhc3NuYW1lox8gIV1OU011dGFibGVEYXRhVk5TRGF0YVhOU09iamVjdF8QWC4uLy4uLy4uL0RhdGFfUXVhbGl0eV9TdXJ2ZXkvUGFwZXJzL0xJdFNlYXJjaC9GaW5hbGl6ZWQvVHJ1c3QvSGFydGlnXzIwMDlfVHJ1c3RPbldlYi5wZGbSHB0kJaIlIVxOU0RpY3Rpb25hcnkSAAGGoF8QD05TS2V5ZWRBcmNoaXZlcgAIABEAFgAfACgAMgA1ADoAPABFAEsAUgBdAGUAbABvAHEAcwB2AHgAegB8AIYAkwCYAKACmgKcAqECqgK1ArkCxwLOAtcDMgM3AzoDRwNMAAAAAAAAAgEAAAAAAAAAKAAAAAAAAAAAAAAAAAAAA14=}}

@phdthesis{Bizerthesis,
	Author = {Christian Bizer},
	Date-Added = {2012-07-21 10:51:54 +0000},
	Date-Modified = {2012-07-21 10:56:48 +0000},
	Month = {March},
	School = {Freie Universit{\"a}t Berlin},
	Title = {Quality-Driven Information Filtering in the Context of Web-Based Information Systems},
	Year = {2007},
	Bdsk-File-1 = {YnBsaXN0MDDUAQIDBAUIJidUJHRvcFgkb2JqZWN0c1gkdmVyc2lvblkkYXJjaGl2ZXLRBgdUcm9vdIABqAkKFRYXGyIjVSRudWxs0wsMDQ4RFFpOUy5vYmplY3RzV05TLmtleXNWJGNsYXNzog8QgASABqISE4ACgAOAB1lhbGlhc0RhdGFccmVsYXRpdmVQYXRo0hgNGRpXTlMuZGF0YU8RAiQAAAAAAiQAAgAACEFtcmFwYWxpAAAAAAAAAAAAAAAAAAAAAAAAAMl5pDhIKwAAAcS/3h8wMl9DaGFwdGVyMi1JbmZvcm1hIzFCM0UyQzEucGRmAAAAAAAAAAAAAAAAAAAAAAAAAAAAAAAAAAAAAAAAAAABs+LBx6QCagAAAAAAAAAAAAMABgAACSAAAAAAAAAAAAAAAAAAAAAKUmVmZXJlbmNlcwAQAAgAAMl5ligAAAARAAgAAMej9FoAAAABABgBxL/eAbIXlQCQviMAkL3uAJCXAQAM8E4AAgBxQW1yYXBhbGk6QW1yYXBhbGk6AERhdGFfUXVhbGl0eV9TdXJ2ZXk6AFBhcGVyczoATEl0U2VhcmNoOgBGaW5hbGl6ZWQ6AFJlZmVyZW5jZXM6ADAyX0NoYXB0ZXIyLUluZm9ybWEjMUIzRTJDMS5wZGYAAA4ASAAjADAAMgBfAEMAaABhAHAAdABlAHIAMgAtAEkAbgBmAG8AcgBtAGEAdABpAG8AbgAtAFEAdQBhAGwAaQB0AHkALgBwAGQAZgAPABIACABBAG0AcgBhAHAAYQBsAGkAEgBmQW1yYXBhbGkvRGF0YV9RdWFsaXR5X1N1cnZleS9QYXBlcnMvTEl0U2VhcmNoL0ZpbmFsaXplZC9SZWZlcmVuY2VzLzAyX0NoYXB0ZXIyLUluZm9ybWF0aW9uLVF1YWxpdHkucGRmABMAAS8A//8AAIAF0hwdHh9YJGNsYXNzZXNaJGNsYXNzbmFtZaMfICFdTlNNdXRhYmxlRGF0YVZOU0RhdGFYTlNPYmplY3RfEGYuLi8uLi8uLi9EYXRhX1F1YWxpdHlfU3VydmV5L1BhcGVycy9MSXRTZWFyY2gvRmluYWxpemVkL1JlZmVyZW5jZXMvMDJfQ2hhcHRlcjItSW5mb3JtYXRpb24tUXVhbGl0eS5wZGbSHB0kJaIlIVxOU0RpY3Rpb25hcnkSAAGGoF8QD05TS2V5ZWRBcmNoaXZlcgAIABEAFgAfACgAMgA1ADoAPABFAEsAUgBdAGUAbABvAHEAcwB2AHgAegB8AIYAkwCYAKACyALKAs8C2ALjAucC9QL8AwUDbgNzA3YDgwOIAAAAAAAAAgEAAAAAAAAAKAAAAAAAAAAAAAAAAAAAA5o=},
	Bdsk-File-2 = {YnBsaXN0MDDUAQIDBAUIJidUJHRvcFgkb2JqZWN0c1gkdmVyc2lvblkkYXJjaGl2ZXLRBgdUcm9vdIABqAkKFRYXGyIjVSRudWxs0wsMDQ4RFFpOUy5vYmplY3RzV05TLmtleXNWJGNsYXNzog8QgASABqISE4ACgAOAB1lhbGlhc0RhdGFccmVsYXRpdmVQYXRo0hgNGRpXTlMuZGF0YU8RAkYAAAAAAkYAAgAACEFtcmFwYWxpAAAAAAAAAAAAAAAAAAAAAAAAAMl5pDhIKwAAAcS/3h8wM19DaGFwdGVyMy1JbmZvcm1hIzE0RTkzOEMucGRmAAAAAAAAAAAAAAAAAAAAAAAAAAAAAAAAAAAAAAAAAAABTpOMy4UYxAAAAAAAAAAAAAMABgAACSAAAAAAAAAAAAAAAAAAAAAKUmVmZXJlbmNlcwAQAAgAAMl5ligAAAARAAgAAMuFCrQAAAABABgBxL/eAbIXlQCQviMAkL3uAJCXAQAM8E4AAgBxQW1yYXBhbGk6QW1yYXBhbGk6AERhdGFfUXVhbGl0eV9TdXJ2ZXk6AFBhcGVyczoATEl0U2VhcmNoOgBGaW5hbGl6ZWQ6AFJlZmVyZW5jZXM6ADAzX0NoYXB0ZXIzLUluZm9ybWEjMTRFOTM4Qy5wZGYAAA4AXgAuADAAMwBfAEMAaABhAHAAdABlAHIAMwAtAEkAbgBmAG8AcgBtAGEAdABpAG8AbgAtAFEAdQBhAGwAaQB0AHkALQBBAHMAcwBlAHMAcwBtAGUAbgB0AC4AcABkAGYADwASAAgAQQBtAHIAYQBwAGEAbABpABIAcUFtcmFwYWxpL0RhdGFfUXVhbGl0eV9TdXJ2ZXkvUGFwZXJzL0xJdFNlYXJjaC9GaW5hbGl6ZWQvUmVmZXJlbmNlcy8wM19DaGFwdGVyMy1JbmZvcm1hdGlvbi1RdWFsaXR5LUFzc2Vzc21lbnQucGRmAAATAAEvAP//AACABdIcHR4fWCRjbGFzc2VzWiRjbGFzc25hbWWjHyAhXU5TTXV0YWJsZURhdGFWTlNEYXRhWE5TT2JqZWN0XxBxLi4vLi4vLi4vRGF0YV9RdWFsaXR5X1N1cnZleS9QYXBlcnMvTEl0U2VhcmNoL0ZpbmFsaXplZC9SZWZlcmVuY2VzLzAzX0NoYXB0ZXIzLUluZm9ybWF0aW9uLVF1YWxpdHktQXNzZXNzbWVudC5wZGbSHB0kJaIlIVxOU0RpY3Rpb25hcnkSAAGGoF8QD05TS2V5ZWRBcmNoaXZlcgAIABEAFgAfACgAMgA1ADoAPABFAEsAUgBdAGUAbABvAHEAcwB2AHgAegB8AIYAkwCYAKAC6gLsAvEC+gMFAwkDFwMeAycDmwOgA6MDsAO1AAAAAAAAAgEAAAAAAAAAKAAAAAAAAAAAAAAAAAAAA8c=}}

@article{Hogan:2012,
	Author = {Aidan Hogan and J\"urgen Umbrich and Andreas Harth and Richard Cyganiak and Axel Polleres and Stefan Decker},
	Journal = {Journal of Web Semantics},
	Title = {An empirical survey of Linked Data conformance},
	Year = {2012}}

@article{Wand:1996,
	Author = {Wand, Yair and Wang, Richard Y.},
	Journal = {Communications of the ACM},
	Number = {11},
	Numpages = {10},
	Pages = {86--95},
	Title = {Anchoring data quality dimensions in ontological foundations},
	Volume = {39},
	Year = {1996}}

@article{Wang:1996,
	Author = {Wang, Richard Y. and Strong, Diane M.},
	Journal = {Journal of Management Information Systems},
	Number = {4},
	Numpages = {29},
	Pages = {5--33},
	Title = {Beyond accuracy: what data quality means to data consumers},
	Volume = {12},
	Year = {1996}}

@book{Redman:1997,
	Author = {Redman, Thomas C.},
	Edition = {1st},
	Publisher = {Artech House},
	Title = {Data Quality for the Information Age},
	Year = {1997}}

@book{Jarke:2010,
	Author = {Jarke, Matthias and Lenzerini, Maurizio and Vassiliou, Yannis and Vassiliadis, Panos},
	Edition = {2nd},
	Publisher = {Springer Publishing Company},
	Title = {Fundamentals of Data Warehouses},
	Year = {2010}}

@article{Bovee:2003,
	Author = {Bovee, Matthew and Srivastava, Rajendra P. and Mak, Brenda},
	Journal = {International Journal of Intelligent Systems},
	Number = {1},
	Pages = {51--74},
	Publisher = {Wiley Subscription Services},
	Title = {A conceptual framework and belief-function approach to assessing overall information quality},
	Volume = {18},
	Year = {2003}}

@book{Naumann:2002,
	Author = {Felix Naumann},
	Isbn = {3-540-43349-X},
	Publisher = {Springer},
	Series = {Lecture Notes in Computer Science},
	Title = {Quality-Driven Query Answering for Integrated Information Systems},
	Volume = {2261},
	Year = {2002}}

@article{scannapieco:2002,
	Author = {Scannapieco, M. and Catarci, T.},
	Journal = {Archivi \& Computer},
	Pages = {1--15},
	Title = {Data quality under a computer science perspective},
	Volume = {2},
	Year = {2002}}

@book{metric,
	Author = {Leo Pipino, Ricahrd Wang, David Kopcso and William Rybold},
	Date-Added = {2012-06-24 13:49:29 +0000},
	Date-Modified = {2012-06-24 13:52:54 +0000},
	Month = {April},
	Publisher = {M.E. Sharpe, New York},
	Title = {Developing Measurement Scales for Data-Quality Dimensions},
	Year = {2005}}

@article{qconsumers,
	Author = {R. Wang, D. Strong},
	Date-Added = {2012-06-24 10:07:28 +0000},
	Date-Modified = {2012-06-24 10:08:16 +0000},
	Journal = {Journal of Management Information Systems},
	Number = {4},
	Pages = {5 - 33},
	Title = {Beyond accuracy: what data quality means to data consumers},
	Volume = {12},
	Year = {1996}}

@book{qdefn,
	Author = {Joseph Juran},
	Date-Added = {2012-06-24 10:03:47 +0000},
	Date-Modified = {2012-06-24 10:04:57 +0000},
	Publisher = {McGraw-Hill, New York},
	Title = {The Quality Control Handbook},
	Year = {1974}}

@conference{Mendes,
	Author = {Mendes P.N. and M{\"u}hleisen H. and Bizer C.},
	Booktitle = {Invited paper at the 1st International Workshop on Linked Web Data Management (LWDM 2011) at the 15th International Conference on Extending Database Technology, EDBT 2012},
	Date-Added = {2012-05-23 09:32:44 +0000},
	Date-Modified = {2012-06-26 12:35:12 +0000},
	Month = {March},
	Title = {Sieve: Linked Data Quality Assessment and Fusion.},
	Year = {2012},
	Bdsk-File-1 = {YnBsaXN0MDDUAQIDBAUIJidUJHRvcFgkb2JqZWN0c1gkdmVyc2lvblkkYXJjaGl2ZXLRBgdUcm9vdIABqAkKFRYXGyIjVSRudWxs0wsMDQ4RFFpOUy5vYmplY3RzV05TLmtleXNWJGNsYXNzog8QgASABqISE4ACgAOAB1lhbGlhc0RhdGFccmVsYXRpdmVQYXRo0hgNGRpXTlMuZGF0YU8RAdYAAAAAAdYAAgAACEFtcmFwYWxpAAAAAAAAAAAAAAAAAAAAAAAAAMl5pDhIKwAAAbIXlRVNZW5kZXNfMjAxMl9TaWV2ZS5wZGYAAAAAAAAAAAAAAAAAAAAAAAAAAAAAAAAAAAAAAAAAAAAAAAAAAAAAAAABnE+Vy+J7ngAAAAAAAAAAAAMABQAACSAAAAAAAAAAAAAAAAAAAAAJRmluYWxpemVkAAAQAAgAAMl5ligAAAARAAgAAMviX34AAAABABQBsheVAJC+IwCQve4AkJcBAAzwTgACAFtBbXJhcGFsaTpBbXJhcGFsaToARGF0YV9RdWFsaXR5X1N1cnZleToAUGFwZXJzOgBMSXRTZWFyY2g6AEZpbmFsaXplZDoATWVuZGVzXzIwMTJfU2lldmUucGRmAAAOACwAFQBNAGUAbgBkAGUAcwBfADIAMAAxADIAXwBTAGkAZQB2AGUALgBwAGQAZgAPABIACABBAG0AcgBhAHAAYQBsAGkAEgBNQW1yYXBhbGkvRGF0YV9RdWFsaXR5X1N1cnZleS9QYXBlcnMvTEl0U2VhcmNoL0ZpbmFsaXplZC9NZW5kZXNfMjAxMl9TaWV2ZS5wZGYAABMAAS8A//8AAIAF0hwdHh9YJGNsYXNzZXNaJGNsYXNzbmFtZaMfICFdTlNNdXRhYmxlRGF0YVZOU0RhdGFYTlNPYmplY3RfEE0uLi8uLi8uLi9EYXRhX1F1YWxpdHlfU3VydmV5L1BhcGVycy9MSXRTZWFyY2gvRmluYWxpemVkL01lbmRlc18yMDEyX1NpZXZlLnBkZtIcHSQloiUhXE5TRGljdGlvbmFyeRIAAYagXxAPTlNLZXllZEFyY2hpdmVyAAgAEQAWAB8AKAAyADUAOgA8AEUASwBSAF0AZQBsAG8AcQBzAHYAeAB6AHwAhgCTAJgAoAJ6AnwCgQKKApUCmQKnAq4CtwMHAwwDDwMcAyEAAAAAAAACAQAAAAAAAAAoAAAAAAAAAAAAAAAAAAADMw==}}

@inproceedings{Chen,
	Author = {Chen, Ping and Garcia, Walter},
	Booktitle = {IEEE ICCI},
	Date-Added = {2012-05-23 09:28:56 +0000},
	Date-Modified = {2012-05-23 09:31:08 +0000},
	Editor = {Sun, Fuchun and Wang, Yingxu and Lu, Jianhua and Zhang, Bo and Kinsner, Witold and Zadeh, Lotfi A.},
	Pages = {659-666},
	Publisher = {IEEE},
	Title = {Hypothesis generation and data quality assessment through association mining},
	Year = {2010},
	Bdsk-File-1 = {YnBsaXN0MDDUAQIDBAUIJidUJHRvcFgkb2JqZWN0c1gkdmVyc2lvblkkYXJjaGl2ZXLRBgdUcm9vdIABqAkKFRYXGyIjVSRudWxs0wsMDQ4RFFpOUy5vYmplY3RzV05TLmtleXNWJGNsYXNzog8QgASABqISE4ACgAOAB1lhbGlhc0RhdGFccmVsYXRpdmVQYXRo0hgNGRpXTlMuZGF0YU8RAf4AAAAAAf4AAgAACEFtcmFwYWxpAAAAAAAAAAAAAAAAAAAAAAAAAMl5pDhIKwAAAbIXlR9DaGVuXzIwMTBfQXNzb2NpYXRpb25NaW5pbmcucGRmAAAAAAAAAAAAAAAAAAAAAAAAAAAAAAAAAAAAAAAAAAABO86Ry3JzkQAAAAAAAAAAAAMABQAACSAAAAAAAAAAAAAAAAAAAAAJRmluYWxpemVkAAAQAAgAAMl5ligAAAARAAgAAMtyZYEAAAABABQBsheVAJC+IwCQve4AkJcBAAzwTgACAGVBbXJhcGFsaTpBbXJhcGFsaToARGF0YV9RdWFsaXR5X1N1cnZleToAUGFwZXJzOgBMSXRTZWFyY2g6AEZpbmFsaXplZDoAQ2hlbl8yMDEwX0Fzc29jaWF0aW9uTWluaW5nLnBkZgAADgBAAB8AQwBoAGUAbgBfADIAMAAxADAAXwBBAHMAcwBvAGMAaQBhAHQAaQBvAG4ATQBpAG4AaQBuAGcALgBwAGQAZgAPABIACABBAG0AcgBhAHAAYQBsAGkAEgBXQW1yYXBhbGkvRGF0YV9RdWFsaXR5X1N1cnZleS9QYXBlcnMvTEl0U2VhcmNoL0ZpbmFsaXplZC9DaGVuXzIwMTBfQXNzb2NpYXRpb25NaW5pbmcucGRmAAATAAEvAP//AACABdIcHR4fWCRjbGFzc2VzWiRjbGFzc25hbWWjHyAhXU5TTXV0YWJsZURhdGFWTlNEYXRhWE5TT2JqZWN0XxBXLi4vLi4vLi4vRGF0YV9RdWFsaXR5X1N1cnZleS9QYXBlcnMvTEl0U2VhcmNoL0ZpbmFsaXplZC9DaGVuXzIwMTBfQXNzb2NpYXRpb25NaW5pbmcucGRm0hwdJCWiJSFcTlNEaWN0aW9uYXJ5EgABhqBfEA9OU0tleWVkQXJjaGl2ZXIACAARABYAHwAoADIANQA6ADwARQBLAFIAXQBlAGwAbwBxAHMAdgB4AHoAfACGAJMAmACgAqICpAKpArICvQLBAs8C1gLfAzkDPgNBA04DUwAAAAAAAAIBAAAAAAAAACgAAAAAAAAAAAAAAAAAAANl}}

@inproceedings{Mostafavi,
	Author = {Mostafavi, MA. and Edwards G. and Jeansoulin, R.},
	Booktitle = {ISSDQ'04},
	Date-Added = {2012-05-23 09:22:47 +0000},
	Date-Modified = {2012-07-22 13:57:47 +0000},
	Keywords = {Logical consistency, quality, ontology, spatial data bases, Prolog, AI.},
	Pages = {49-66},
	Series = {GeoInfo Series},
	Title = {Ontology-based method for quality assessment of spatial data bases},
	Volume = {4},
	Year = {2004},
	Bdsk-File-1 = {YnBsaXN0MDDUAQIDBAUIJidUJHRvcFgkb2JqZWN0c1gkdmVyc2lvblkkYXJjaGl2ZXLRBgdUcm9vdIABqAkKFRYXGyIjVSRudWxs0wsMDQ4RFFpOUy5vYmplY3RzV05TLmtleXNWJGNsYXNzog8QgASABqISE4ACgAOAB1lhbGlhc0RhdGFccmVsYXRpdmVQYXRo0hgNGRpXTlMuZGF0YU8RAdYAAAAAAdYAAgAACEFtcmFwYWxpAAAAAAAAAAAAAAAAAAAAAAAAAMl5pDhIKwAAAbIXlRVNb3N0YWZhdmlfSVNTRFEwNC5wZGYAAAAAAAAAAAAAAAAAAAAAAAAAAAAAAAAAAAAAAAAAAAAAAAAAAAAAAAABToPFy4UMKgAAAAAAAAAAAAMABQAACSAAAAAAAAAAAAAAAAAAAAAJRmluYWxpemVkAAAQAAgAAMl5ligAAAARAAgAAMuE/hoAAAABABQBsheVAJC+IwCQve4AkJcBAAzwTgACAFtBbXJhcGFsaTpBbXJhcGFsaToARGF0YV9RdWFsaXR5X1N1cnZleToAUGFwZXJzOgBMSXRTZWFyY2g6AEZpbmFsaXplZDoATW9zdGFmYXZpX0lTU0RRMDQucGRmAAAOACwAFQBNAG8AcwB0AGEAZgBhAHYAaQBfAEkAUwBTAEQAUQAwADQALgBwAGQAZgAPABIACABBAG0AcgBhAHAAYQBsAGkAEgBNQW1yYXBhbGkvRGF0YV9RdWFsaXR5X1N1cnZleS9QYXBlcnMvTEl0U2VhcmNoL0ZpbmFsaXplZC9Nb3N0YWZhdmlfSVNTRFEwNC5wZGYAABMAAS8A//8AAIAF0hwdHh9YJGNsYXNzZXNaJGNsYXNzbmFtZaMfICFdTlNNdXRhYmxlRGF0YVZOU0RhdGFYTlNPYmplY3RfEE0uLi8uLi8uLi9EYXRhX1F1YWxpdHlfU3VydmV5L1BhcGVycy9MSXRTZWFyY2gvRmluYWxpemVkL01vc3RhZmF2aV9JU1NEUTA0LnBkZtIcHSQloiUhXE5TRGljdGlvbmFyeRIAAYagXxAPTlNLZXllZEFyY2hpdmVyAAgAEQAWAB8AKAAyADUAOgA8AEUASwBSAF0AZQBsAG8AcQBzAHYAeAB6AHwAhgCTAJgAoAJ6AnwCgQKKApUCmQKnAq4CtwMHAwwDDwMcAyEAAAAAAAACAQAAAAAAAAAoAAAAAAAAAAAAAAAAAAADMw==}}

@article{Bizer,
	Author = {Bizer, Christian and Cyganiak, Richard},
	Date-Added = {2012-05-23 09:21:13 +0000},
	Date-Modified = {2012-05-23 09:22:35 +0000},
	Journal = {Web Semantics},
	Keywords = {Information quality, Quality-driven information filtering, Semantic Web},
	Month = {Jan},
	Number = {1},
	Pages = {1 - 10},
	Title = {Quality-driven information filtering using the WIQA policy framework},
	Volume = {7},
	Year = {2009},
	Bdsk-File-1 = {YnBsaXN0MDDUAQIDBAUIJidUJHRvcFgkb2JqZWN0c1gkdmVyc2lvblkkYXJjaGl2ZXLRBgdUcm9vdIABqAkKFRYXGyIjVSRudWxs0wsMDQ4RFFpOUy5vYmplY3RzV05TLmtleXNWJGNsYXNzog8QgASABqISE4ACgAOAB1lhbGlhc0RhdGFccmVsYXRpdmVQYXRo0hgNGRpXTlMuZGF0YU8RAc4AAAAAAc4AAgAACEFtcmFwYWxpAAAAAAAAAAAAAAAAAAAAAAAAAMl5pDhIKwAAAbIXlRNCaXplcl8yMDA5X1dJUUEucGRmAAAAAAAAAAAAAAAAAAAAAAAAAAAAAAAAAAAAAAAAAAAAAAAAAAAAAAAAAAABOoDVy3EWFgAAAAAAAAAAAAMABQAACSAAAAAAAAAAAAAAAAAAAAAJRmluYWxpemVkAAAQAAgAAMl5ligAAAARAAgAAMtxCAYAAAABABQBsheVAJC+IwCQve4AkJcBAAzwTgACAFlBbXJhcGFsaTpBbXJhcGFsaToARGF0YV9RdWFsaXR5X1N1cnZleToAUGFwZXJzOgBMSXRTZWFyY2g6AEZpbmFsaXplZDoAQml6ZXJfMjAwOV9XSVFBLnBkZgAADgAoABMAQgBpAHoAZQByAF8AMgAwADAAOQBfAFcASQBRAEEALgBwAGQAZgAPABIACABBAG0AcgBhAHAAYQBsAGkAEgBLQW1yYXBhbGkvRGF0YV9RdWFsaXR5X1N1cnZleS9QYXBlcnMvTEl0U2VhcmNoL0ZpbmFsaXplZC9CaXplcl8yMDA5X1dJUUEucGRmAAATAAEvAP//AACABdIcHR4fWCRjbGFzc2VzWiRjbGFzc25hbWWjHyAhXU5TTXV0YWJsZURhdGFWTlNEYXRhWE5TT2JqZWN0XxBLLi4vLi4vLi4vRGF0YV9RdWFsaXR5X1N1cnZleS9QYXBlcnMvTEl0U2VhcmNoL0ZpbmFsaXplZC9CaXplcl8yMDA5X1dJUUEucGRm0hwdJCWiJSFcTlNEaWN0aW9uYXJ5EgABhqBfEA9OU0tleWVkQXJjaGl2ZXIACAARABYAHwAoADIANQA6ADwARQBLAFIAXQBlAGwAbwBxAHMAdgB4AHoAfACGAJMAmACgAnICdAJ5AoICjQKRAp8CpgKvAv0DAgMFAxIDFwAAAAAAAAIBAAAAAAAAACgAAAAAAAAAAAAAAAAAAAMp}}

@inproceedings{Bohm,
	Author = {B{\"o}hm, Christoph and Naumann, Felix and Abedjan, Ziawasch and Fenz, Dandy and Gr{\"u}tze, Toni and Hefenbrock, Daniel and Pohl, Matthias and Sonnabend, David},
	Booktitle = {ICDE Workshops},
	Date-Added = {2012-05-23 09:18:29 +0000},
	Date-Modified = {2012-05-23 09:21:09 +0000},
	Keywords = {ProLOD data linked open profiling},
	Pages = {175-178},
	Publisher = {IEEE},
	Title = {Profiling linked open data with ProLOD},
	Year = {2010},
	Bdsk-File-1 = {YnBsaXN0MDDUAQIDBAUIJidUJHRvcFgkb2JqZWN0c1gkdmVyc2lvblkkYXJjaGl2ZXLRBgdUcm9vdIABqAkKFRYXGyIjVSRudWxs0wsMDQ4RFFpOUy5vYmplY3RzV05TLmtleXNWJGNsYXNzog8QgASABqISE4ACgAOAB1lhbGlhc0RhdGFccmVsYXRpdmVQYXRo0hgNGRpXTlMuZGF0YU8RAdQAAAAAAdQAAgAACEFtcmFwYWxpAAAAAAAAAAAAAAAAAAAAAAAAAMl5pDhIKwAAAbIXlRRCmmhtXzIwMTBfUHJvTE9ELlBERgAAAAAAAAAAAAAAAAAAAAAAAAAAAAAAAAAAAAAAAAAAAAAAAAAAAAAAAAABOo0Ty3EYQgAAAAAAAAAAAAMABQAACSAAAAAAAAAAAAAAAAAAAAAJRmluYWxpemVkAAAQAAgAAMl5ligAAAARAAgAAMtxCjIAAAABABQBsheVAJC+IwCQve4AkJcBAAzwTgACAFpBbXJhcGFsaTpBbXJhcGFsaToARGF0YV9RdWFsaXR5X1N1cnZleToAUGFwZXJzOgBMSXRTZWFyY2g6AEZpbmFsaXplZDoAQppobV8yMDEwX1Byb0xPRC5QREYADgAsABUAQgBvAwgAaABtAF8AMgAwADEAMABfAFAAcgBvAEwATwBEAC4AUABEAEYADwASAAgAQQBtAHIAYQBwAGEAbABpABIATkFtcmFwYWxpL0RhdGFfUXVhbGl0eV9TdXJ2ZXkvUGFwZXJzL0xJdFNlYXJjaC9GaW5hbGl6ZWQvQm/MiGhtXzIwMTBfUHJvTE9ELlBERgATAAEvAP//AACABdIcHR4fWCRjbGFzc2VzWiRjbGFzc25hbWWjHyAhXU5TTXV0YWJsZURhdGFWTlNEYXRhWE5TT2JqZWN0bxBNAC4ALgAvAC4ALgAvAC4ALgAvAEQAYQB0AGEAXwBRAHUAYQBsAGkAdAB5AF8AUwB1AHIAdgBlAHkALwBQAGEAcABlAHIAcwAvAEwASQB0AFMAZQBhAHIAYwBoAC8ARgBpAG4AYQBsAGkAegBlAGQALwBCAG8DCABoAG0AXwAyADAAMQAwAF8AUAByAG8ATABPAEQALgBQAEQARtIcHSQloiUhXE5TRGljdGlvbmFyeRIAAYagXxAPTlNLZXllZEFyY2hpdmVyAAgAEQAWAB8AKAAyADUAOgA8AEUASwBSAF0AZQBsAG8AcQBzAHYAeAB6AHwAhgCTAJgAoAJ4AnoCfwKIApMClwKlAqwCtQNSA1cDWgNnA2wAAAAAAAACAQAAAAAAAAAoAAAAAAAAAAAAAAAAAAADfg==}}

@inproceedings{Gueret,
	Author = {Gu{\'e}ret, Christophe and Groth, Paul and Stadler, Claus and Lehmann, Jens},
	Booktitle = {ISWC},
	Date-Added = {2012-05-23 09:16:11 +0000},
	Date-Modified = {2012-05-23 09:18:18 +0000},
	Keywords = {data_quality iswc2011 linkeddata network_analysis semantic_web},
	Title = {Linked Data Quality Assessment through Network Analysis},
	Year = {2011},
	Bdsk-File-1 = {YnBsaXN0MDDUAQIDBAUIJidUJHRvcFgkb2JqZWN0c1gkdmVyc2lvblkkYXJjaGl2ZXLRBgdUcm9vdIABqAkKFRYXGyIjVSRudWxs0wsMDQ4RFFpOUy5vYmplY3RzV05TLmtleXNWJGNsYXNzog8QgASABqISE4ACgAOAB1lhbGlhc0RhdGFccmVsYXRpdmVQYXRo0hgNGRpXTlMuZGF0YU8RAdgAAAAAAdgAAgAACEFtcmFwYWxpAAAAAAAAAAAAAAAAAAAAAAAAAMl5pDhIKwAAAbIXlRZHdWFyZXRfMjAxMV9MaW5rUUEucGRmAAAAAAAAAAAAAAAAAAAAAAAAAAAAAAAAAAAAAAAAAAAAAAAAAAAAAAABOnhDy3EVMQAAAAAAAAAAAAMABQAACSAAAAAAAAAAAAAAAAAAAAAJRmluYWxpemVkAAAQAAgAAMl5ligAAAARAAgAAMtxByEAAAABABQBsheVAJC+IwCQve4AkJcBAAzwTgACAFxBbXJhcGFsaTpBbXJhcGFsaToARGF0YV9RdWFsaXR5X1N1cnZleToAUGFwZXJzOgBMSXRTZWFyY2g6AEZpbmFsaXplZDoAR3VhcmV0XzIwMTFfTGlua1FBLnBkZgAOAC4AFgBHAHUAYQByAGUAdABfADIAMAAxADEAXwBMAGkAbgBrAFEAQQAuAHAAZABmAA8AEgAIAEEAbQByAGEAcABhAGwAaQASAE5BbXJhcGFsaS9EYXRhX1F1YWxpdHlfU3VydmV5L1BhcGVycy9MSXRTZWFyY2gvRmluYWxpemVkL0d1YXJldF8yMDExX0xpbmtRQS5wZGYAEwABLwD//wAAgAXSHB0eH1gkY2xhc3Nlc1okY2xhc3NuYW1lox8gIV1OU011dGFibGVEYXRhVk5TRGF0YVhOU09iamVjdF8QTi4uLy4uLy4uL0RhdGFfUXVhbGl0eV9TdXJ2ZXkvUGFwZXJzL0xJdFNlYXJjaC9GaW5hbGl6ZWQvR3VhcmV0XzIwMTFfTGlua1FBLnBkZtIcHSQloiUhXE5TRGljdGlvbmFyeRIAAYagXxAPTlNLZXllZEFyY2hpdmVyAAgAEQAWAB8AKAAyADUAOgA8AEUASwBSAF0AZQBsAG8AcQBzAHYAeAB6AHwAhgCTAJgAoAJ8An4CgwKMApcCmwKpArACuQMKAw8DEgMfAyQAAAAAAAACAQAAAAAAAAAoAAAAAAAAAAAAAAAAAAADNg==}}

@conference{Hogan,
	Author = {Aidan Hogan and Andreas Harth and Alexandre Passant and Stefan Decker and Axel Polleres},
	Booktitle = {3rd International Workshop on Linked Data on the Web (LDOW2010), in conjunction with 19th International World Wide Web Conference, CEUR, 2010.},
	Date-Added = {2012-05-23 09:13:35 +0000},
	Date-Modified = {2012-06-26 12:34:38 +0000},
	Title = {Weaving the Pedantic Web},
	Year = {2010},
	Bdsk-File-1 = {YnBsaXN0MDDUAQIDBAUIJidUJHRvcFgkb2JqZWN0c1gkdmVyc2lvblkkYXJjaGl2ZXLRBgdUcm9vdIABqAkKFRYXGyIjVSRudWxs0wsMDQ4RFFpOUy5vYmplY3RzV05TLmtleXNWJGNsYXNzog8QgASABqISE4ACgAOAB1lhbGlhc0RhdGFccmVsYXRpdmVQYXRo0hgNGRpXTlMuZGF0YU8RAegAAAAAAegAAgAACEFtcmFwYWxpAAAAAAAAAAAAAAAAAAAAAAAAAMl5pDhIKwAAAbIXlRpIb2dhbl8yMDEwX1BlZGFudGljV2ViLnBkZgAAAAAAAAAAAAAAAAAAAAAAAAAAAAAAAAAAAAAAAAAAAAAAAAABiSU2ys92LwAAAAAAAAAAAAMABQAACSAAAAAAAAAAAAAAAAAAAAAJRmluYWxpemVkAAAQAAgAAMl5ligAAAARAAgAAMrPWg8AAAABABQBsheVAJC+IwCQve4AkJcBAAzwTgACAGBBbXJhcGFsaTpBbXJhcGFsaToARGF0YV9RdWFsaXR5X1N1cnZleToAUGFwZXJzOgBMSXRTZWFyY2g6AEZpbmFsaXplZDoASG9nYW5fMjAxMF9QZWRhbnRpY1dlYi5wZGYADgA2ABoASABvAGcAYQBuAF8AMgAwADEAMABfAFAAZQBkAGEAbgB0AGkAYwBXAGUAYgAuAHAAZABmAA8AEgAIAEEAbQByAGEAcABhAGwAaQASAFJBbXJhcGFsaS9EYXRhX1F1YWxpdHlfU3VydmV5L1BhcGVycy9MSXRTZWFyY2gvRmluYWxpemVkL0hvZ2FuXzIwMTBfUGVkYW50aWNXZWIucGRmABMAAS8A//8AAIAF0hwdHh9YJGNsYXNzZXNaJGNsYXNzbmFtZaMfICFdTlNNdXRhYmxlRGF0YVZOU0RhdGFYTlNPYmplY3RfEFIuLi8uLi8uLi9EYXRhX1F1YWxpdHlfU3VydmV5L1BhcGVycy9MSXRTZWFyY2gvRmluYWxpemVkL0hvZ2FuXzIwMTBfUGVkYW50aWNXZWIucGRm0hwdJCWiJSFcTlNEaWN0aW9uYXJ5EgABhqBfEA9OU0tleWVkQXJjaGl2ZXIACAARABYAHwAoADIANQA6ADwARQBLAFIAXQBlAGwAbwBxAHMAdgB4AHoAfACGAJMAmACgAowCjgKTApwCpwKrArkCwALJAx4DIwMmAzMDOAAAAAAAAAIBAAAAAAAAACgAAAAAAAAAAAAAAAAAAANK}}

@conference{Leigold,
	Author = {Yuangui Lei and Andriy Nikolov and Victoria Uren and Enrico Motta},
	Booktitle = {EON},
	Date-Added = {2012-05-23 09:10:47 +0000},
	Date-Modified = {2012-05-23 09:13:12 +0000},
	Pages = {51-60},
	Title = {Detecting Quality Problems in Semantic Metadata without the Presence of a Gold Standard},
	Year = {2007},
	Bdsk-File-1 = {YnBsaXN0MDDUAQIDBAUIJidUJHRvcFgkb2JqZWN0c1gkdmVyc2lvblkkYXJjaGl2ZXLRBgdUcm9vdIABqAkKFRYXGyIjVSRudWxs0wsMDQ4RFFpOUy5vYmplY3RzV05TLmtleXNWJGNsYXNzog8QgASABqISE4ACgAOAB1lhbGlhc0RhdGFccmVsYXRpdmVQYXRo0hgNGRpXTlMuZGF0YU8RAjwAAAAAAjwAAgAACEFtcmFwYWxpAAAAAAAAAAAAAAAAAAAAAAAAAMl5pDhIKwAAAcS/3h9MZWlfMjAwN19EZXRlY3RpbmdRIzEzQTc0MjIucGRmAAAAAAAAAAAAAAAAAAAAAAAAAAAAAAAAAAAAAAAAAAABOnQiy3EUnAAAAAAAAAAAAAMABgAACSAAAAAAAAAAAAAAAAAAAAAKUmVmZXJlbmNlcwAQAAgAAMl5ligAAAARAAgAAMtxBowAAAABABgBxL/eAbIXlQCQviMAkL3uAJCXAQAM8E4AAgBxQW1yYXBhbGk6QW1yYXBhbGk6AERhdGFfUXVhbGl0eV9TdXJ2ZXk6AFBhcGVyczoATEl0U2VhcmNoOgBGaW5hbGl6ZWQ6AFJlZmVyZW5jZXM6AExlaV8yMDA3X0RldGVjdGluZ1EjMTNBNzQyMi5wZGYAAA4AWAArAEwAZQBpAF8AMgAwADAANwBfAEQAZQB0AGUAYwB0AGkAbgBnAFEAUAByAG8AYgBsAGUAbQBzAF8AbgBvAHQAaQBuAGMAbAB1AGQAZQBkAC4AcABkAGYADwASAAgAQQBtAHIAYQBwAGEAbABpABIAbkFtcmFwYWxpL0RhdGFfUXVhbGl0eV9TdXJ2ZXkvUGFwZXJzL0xJdFNlYXJjaC9GaW5hbGl6ZWQvUmVmZXJlbmNlcy9MZWlfMjAwN19EZXRlY3RpbmdRUHJvYmxlbXNfbm90aW5jbHVkZWQucGRmABMAAS8A//8AAIAF0hwdHh9YJGNsYXNzZXNaJGNsYXNzbmFtZaMfICFdTlNNdXRhYmxlRGF0YVZOU0RhdGFYTlNPYmplY3RfEG4uLi8uLi8uLi9EYXRhX1F1YWxpdHlfU3VydmV5L1BhcGVycy9MSXRTZWFyY2gvRmluYWxpemVkL1JlZmVyZW5jZXMvTGVpXzIwMDdfRGV0ZWN0aW5nUVByb2JsZW1zX25vdGluY2x1ZGVkLnBkZtIcHSQloiUhXE5TRGljdGlvbmFyeRIAAYagXxAPTlNLZXllZEFyY2hpdmVyAAgAEQAWAB8AKAAyADUAOgA8AEUASwBSAF0AZQBsAG8AcQBzAHYAeAB6AHwAhgCTAJgAoALgAuIC5wLwAvsC/wMNAxQDHQOOA5MDlgOjA6gAAAAAAAACAQAAAAAAAAAoAAAAAAAAAAAAAAAAAAADug==}}

@inproceedings{Lei,
	Author = {Lei, Yuangui and Uren, Victoria and Motta, Enrico},
	Booktitle = {Proceedings of the 4th international conference on Knowledge capture},
	Date-Added = {2012-05-23 09:07:34 +0000},
	Date-Modified = {2012-05-23 09:10:23 +0000},
	Keywords = {data quality, semantic Web, semantic metadata evaluation},
	Number = {8},
	Pages = {135 - 142},
	Publisher = {ACM},
	Series = {K-CAP '07},
	Title = {A framework for evaluating semantic metadata},
	Year = {2007},
	Bdsk-File-1 = {YnBsaXN0MDDUAQIDBAUIJidUJHRvcFgkb2JqZWN0c1gkdmVyc2lvblkkYXJjaGl2ZXLRBgdUcm9vdIABqAkKFRYXGyIjVSRudWxs0wsMDQ4RFFpOUy5vYmplY3RzV05TLmtleXNWJGNsYXNzog8QgASABqISE4ACgAOAB1lhbGlhc0RhdGFccmVsYXRpdmVQYXRo0hgNGRpXTlMuZGF0YU8RAdgAAAAAAdgAAgAACEFtcmFwYWxpAAAAAAAAAAAAAAAAAAAAAAAAAMl5pDhIKwAAAbIXlRZMZWlfMjAwN19GcmFtZXdvcmsucGRmAAAAAAAAAAAAAAAAAAAAAAAAAAAAAAAAAAAAAAAAAAAAAAAAAAAAAAABhfjHy7sp4QAAAAAAAAAAAAMABQAACSAAAAAAAAAAAAAAAAAAAAAJRmluYWxpemVkAAAQAAgAAMl5ligAAAARAAgAAMu7DcEAAAABABQBsheVAJC+IwCQve4AkJcBAAzwTgACAFxBbXJhcGFsaTpBbXJhcGFsaToARGF0YV9RdWFsaXR5X1N1cnZleToAUGFwZXJzOgBMSXRTZWFyY2g6AEZpbmFsaXplZDoATGVpXzIwMDdfRnJhbWV3b3JrLnBkZgAOAC4AFgBMAGUAaQBfADIAMAAwADcAXwBGAHIAYQBtAGUAdwBvAHIAawAuAHAAZABmAA8AEgAIAEEAbQByAGEAcABhAGwAaQASAE5BbXJhcGFsaS9EYXRhX1F1YWxpdHlfU3VydmV5L1BhcGVycy9MSXRTZWFyY2gvRmluYWxpemVkL0xlaV8yMDA3X0ZyYW1ld29yay5wZGYAEwABLwD//wAAgAXSHB0eH1gkY2xhc3Nlc1okY2xhc3NuYW1lox8gIV1OU011dGFibGVEYXRhVk5TRGF0YVhOU09iamVjdF8QTi4uLy4uLy4uL0RhdGFfUXVhbGl0eV9TdXJ2ZXkvUGFwZXJzL0xJdFNlYXJjaC9GaW5hbGl6ZWQvTGVpXzIwMDdfRnJhbWV3b3JrLnBkZtIcHSQloiUhXE5TRGljdGlvbmFyeRIAAYagXxAPTlNLZXllZEFyY2hpdmVyAAgAEQAWAB8AKAAyADUAOgA8AEUASwBSAF0AZQBsAG8AcQBzAHYAeAB6AHwAhgCTAJgAoAJ8An4CgwKMApcCmwKpArACuQMKAw8DEgMfAyQAAAAAAAACAQAAAAAAAAAoAAAAAAAAAAAAAAAAAAADNg==}}

@mastersthesis{Flemming,
	Author = {Annika Flemming},
	Date-Added = {2012-05-23 09:06:30 +0000},
	Date-Modified = {2012-07-21 10:59:26 +0000},
	School = {Humboldt-Universit{\"a}t zu Berlin},
	Title = {Quality Characteristics of Linked Data Publishing Datasources},
	Year = {2010},
	Bdsk-File-1 = {YnBsaXN0MDDUAQIDBAUIJidUJHRvcFgkb2JqZWN0c1gkdmVyc2lvblkkYXJjaGl2ZXLRBgdUcm9vdIABqAkKFRYXGyIjVSRudWxs0wsMDQ4RFFpOUy5vYmplY3RzV05TLmtleXNWJGNsYXNzog8QgASABqISE4ACgAOAB1lhbGlhc0RhdGFccmVsYXRpdmVQYXRo0hgNGRpXTlMuZGF0YU8RAiIAAAAAAiIAAgAACEFtcmFwYWxpAAAAAAAAAAAAAAAAAAAAAAAAAMl5pDhIKwAAAbIXlR9GbGVtbWluZ19Gb3JtYWxpemluZ0QjREQ3RjYucGRmAAAAAAAAAAAAAAAAAAAAAAAAAAAAAAAAAAAAAAAAAAAADdf2yY1NIFBERiBDQVJPAAMABQAACSAAAAAAAAAAAAAAAAAAAAAJRmluYWxpemVkAAAQAAgAAMl5ligAAAARAAgAAMmNPxAAAAABABQBsheVAJC+IwCQve4AkJcBAAzwTgACAGVBbXJhcGFsaTpBbXJhcGFsaToARGF0YV9RdWFsaXR5X1N1cnZleToAUGFwZXJzOgBMSXRTZWFyY2g6AEZpbmFsaXplZDoARmxlbW1pbmdfRm9ybWFsaXppbmdEI0REN0Y2LnBkZgAADgBYACsARgBsAGUAbQBtAGkAbgBnAF8ARgBvAHIAbQBhAGwAaQB6AGkAbgBnAEQAYQB0AGEAUQB1AGEAbABpAHQAeQBDAHIAaQB0AGUAcgBpAGEALgBwAGQAZgAPABIACABBAG0AcgBhAHAAYQBsAGkAEgBjQW1yYXBhbGkvRGF0YV9RdWFsaXR5X1N1cnZleS9QYXBlcnMvTEl0U2VhcmNoL0ZpbmFsaXplZC9GbGVtbWluZ19Gb3JtYWxpemluZ0RhdGFRdWFsaXR5Q3JpdGVyaWEucGRmAAATAAEvAP//AACABdIcHR4fWCRjbGFzc2VzWiRjbGFzc25hbWWjHyAhXU5TTXV0YWJsZURhdGFWTlNEYXRhWE5TT2JqZWN0XxBjLi4vLi4vLi4vRGF0YV9RdWFsaXR5X1N1cnZleS9QYXBlcnMvTEl0U2VhcmNoL0ZpbmFsaXplZC9GbGVtbWluZ19Gb3JtYWxpemluZ0RhdGFRdWFsaXR5Q3JpdGVyaWEucGRm0hwdJCWiJSFcTlNEaWN0aW9uYXJ5EgABhqBfEA9OU0tleWVkQXJjaGl2ZXIACAARABYAHwAoADIANQA6ADwARQBLAFIAXQBlAGwAbwBxAHMAdgB4AHoAfACGAJMAmACgAsYCyALNAtYC4QLlAvMC+gMDA2kDbgNxA34DgwAAAAAAAAIBAAAAAAAAACgAAAAAAAAAAAAAAAAAAAOV},
	Bdsk-File-2 = {YnBsaXN0MDDUAQIDBAUIJidUJHRvcFgkb2JqZWN0c1gkdmVyc2lvblkkYXJjaGl2ZXLRBgdUcm9vdIABqAkKFRYXGyIjVSRudWxs0wsMDQ4RFFpOUy5vYmplY3RzV05TLmtleXNWJGNsYXNzog8QgASABqISE4ACgAOAB1lhbGlhc0RhdGFccmVsYXRpdmVQYXRo0hgNGRpXTlMuZGF0YU8RAfgAAAAAAfgAAgAACEFtcmFwYWxpAAAAAAAAAAAAAAAAAAAAAAAAAMl5pDhIKwAAAbIXlR5GbGVtbWluZ18yMDExX0RpcGxvbWFyYmVpdC5wZGYAAAAAAAAAAAAAAAAAAAAAAAAAAAAAAAAAAAAAAAAAAAAB3eU7zDLvblBERiBDQVJPAAMABQAACSAAAAAAAAAAAAAAAAAAAAAJRmluYWxpemVkAAAQAAgAAMl5ligAAAARAAgAAMwy004AAAABABQBsheVAJC+IwCQve4AkJcBAAzwTgACAGRBbXJhcGFsaTpBbXJhcGFsaToARGF0YV9RdWFsaXR5X1N1cnZleToAUGFwZXJzOgBMSXRTZWFyY2g6AEZpbmFsaXplZDoARmxlbW1pbmdfMjAxMV9EaXBsb21hcmJlaXQucGRmAA4APgAeAEYAbABlAG0AbQBpAG4AZwBfADIAMAAxADEAXwBEAGkAcABsAG8AbQBhAHIAYgBlAGkAdAAuAHAAZABmAA8AEgAIAEEAbQByAGEAcABhAGwAaQASAFZBbXJhcGFsaS9EYXRhX1F1YWxpdHlfU3VydmV5L1BhcGVycy9MSXRTZWFyY2gvRmluYWxpemVkL0ZsZW1taW5nXzIwMTFfRGlwbG9tYXJiZWl0LnBkZgATAAEvAP//AACABdIcHR4fWCRjbGFzc2VzWiRjbGFzc25hbWWjHyAhXU5TTXV0YWJsZURhdGFWTlNEYXRhWE5TT2JqZWN0XxBWLi4vLi4vLi4vRGF0YV9RdWFsaXR5X1N1cnZleS9QYXBlcnMvTEl0U2VhcmNoL0ZpbmFsaXplZC9GbGVtbWluZ18yMDExX0RpcGxvbWFyYmVpdC5wZGbSHB0kJaIlIVxOU0RpY3Rpb25hcnkSAAGGoF8QD05TS2V5ZWRBcmNoaXZlcgAIABEAFgAfACgAMgA1ADoAPABFAEsAUgBdAGUAbABvAHEAcwB2AHgAegB8AIYAkwCYAKACnAKeAqMCrAK3ArsCyQLQAtkDMgM3AzoDRwNMAAAAAAAAAgEAAAAAAAAAKAAAAAAAAAAAAAAAAAAAA14=}}

@conference{Steinberg,
	Author = {Steinberg, M. and Brehm, J},
	Booktitle = {Mobile, Hybrid, and On-Line Learning, 2010. ELML '10. Second International Conference on},
	Date-Added = {2012-05-23 09:00:39 +0000},
	Date-Modified = {2012-05-23 09:03:59 +0000},
	Keywords = {Web resources;distributed information flood;game based user interaction;higher layered applications;information quality;knowledge games;knowledge related iq criteria;knowledge transfer;learning;linked knowledge base;open content;qKAI application framework;semantic resource annotation;three level assessment model;user generated content;user interaction;Internet;computer aided instruction;computer games;knowledge acquisition;knowledge based systems;quality management;user interfaces},
	Month = {Feb},
	Pages = {105 - 110},
	Title = {Towards Enhanced User Interaction to Qualify Web Resources for Higher-Layered Applications},
	Year = {2010},
	Bdsk-File-1 = {YnBsaXN0MDDUAQIDBAUIJidUJHRvcFgkb2JqZWN0c1gkdmVyc2lvblkkYXJjaGl2ZXLRBgdUcm9vdIABqAkKFRYXGyIjVSRudWxs0wsMDQ4RFFpOUy5vYmplY3RzV05TLmtleXNWJGNsYXNzog8QgASABqISE4ACgAOAB1lhbGlhc0RhdGFccmVsYXRpdmVQYXRo0hgNGRpXTlMuZGF0YU8RAkYAAAAAAkYAAgAACEFtcmFwYWxpAAAAAAAAAAAAAAAAAAAAAAAAAMl5pDhIKwAAAcS/3h9TdGVpbmJlcmdfMjAxMF9Vc2VyIzEzRjJDNTkucGRmAAAAAAAAAAAAAAAAAAAAAAAAAAAAAAAAAAAAAAAAAAABPyxZy3PQDAAAAAAAAAAAAAMABgAACSAAAAAAAAAAAAAAAAAAAAAKUmVmZXJlbmNlcwAQAAgAAMl5ligAAAARAAgAAMtzwfwAAAABABgBxL/eAbIXlQCQviMAkL3uAJCXAQAM8E4AAgBxQW1yYXBhbGk6QW1yYXBhbGk6AERhdGFfUXVhbGl0eV9TdXJ2ZXk6AFBhcGVyczoATEl0U2VhcmNoOgBGaW5hbGl6ZWQ6AFJlZmVyZW5jZXM6AFN0ZWluYmVyZ18yMDEwX1VzZXIjMTNGMkM1OS5wZGYAAA4AXgAuAFMAdABlAGkAbgBiAGUAcgBnAF8AMgAwADEAMABfAFUAcwBlAHIASQBuAHQAZQByAGEAYwB0AGkAbwBuAF8AbgBvAHQAaQBuAGMAbAB1AGQAZQBkAC4AcABkAGYADwASAAgAQQBtAHIAYQBwAGEAbABpABIAcUFtcmFwYWxpL0RhdGFfUXVhbGl0eV9TdXJ2ZXkvUGFwZXJzL0xJdFNlYXJjaC9GaW5hbGl6ZWQvUmVmZXJlbmNlcy9TdGVpbmJlcmdfMjAxMF9Vc2VySW50ZXJhY3Rpb25fbm90aW5jbHVkZWQucGRmAAATAAEvAP//AACABdIcHR4fWCRjbGFzc2VzWiRjbGFzc25hbWWjHyAhXU5TTXV0YWJsZURhdGFWTlNEYXRhWE5TT2JqZWN0XxBxLi4vLi4vLi4vRGF0YV9RdWFsaXR5X1N1cnZleS9QYXBlcnMvTEl0U2VhcmNoL0ZpbmFsaXplZC9SZWZlcmVuY2VzL1N0ZWluYmVyZ18yMDEwX1VzZXJJbnRlcmFjdGlvbl9ub3RpbmNsdWRlZC5wZGbSHB0kJaIlIVxOU0RpY3Rpb25hcnkSAAGGoF8QD05TS2V5ZWRBcmNoaXZlcgAIABEAFgAfACgAMgA1ADoAPABFAEsAUgBdAGUAbABvAHEAcwB2AHgAegB8AIYAkwCYAKAC6gLsAvEC+gMFAwkDFwMeAycDmwOgA6MDsAO1AAAAAAAAAgEAAAAAAAAAKAAAAAAAAAAAAAAAAAAAA8c=}}

@book{Batini:2006,
	Address = {Secaucus, NJ, USA},
	Author = {Batini, Carlo and Scannapieco, Monica},
	Isbn = {3540331727},
	Publisher = {Springer-Verlag New York, Inc.},
	Title = {Data Quality: Concepts, Methodologies and Techniques (Data-Centric Systems and Applications)},
	Year = {2006}}

@article{Batini:2009,
	Author = {Carlo Batini and Cinzia Cappiello and Chiara Francalanci and Andrea Maurino},
	Journal = {ACM Computing Surveys},
	Number = {3},
	Title = {Methodologies for data quality assessment and improvement},
	Volume = {41},
	Year = {2009}}

@article{kitchenham:2004,
	Author = {Kitchenham, B.},
	Journal = {Keele, UK, Keele University},
	Pages = {2004},
	Title = {Procedures for performing systematic reviews},
	Volume = {33},
	Year = {2004}}

@article{Moher:2009,
	Author = {Moher, David and Liberati, Alessandro and Tetzlaff, Jennifer and Altman, Douglas G and {PRISMA Group}},
	Date-Added = {2012-04-26 14:29:16 +0000},
	Date-Modified = {2012-04-26 14:29:28 +0000},
	Doi = {10.1371/journal.pmed.1000097},
	Journal = {PLoS Med},
	Journal-Full = {PLoS medicine},
	Mesh = {Evidence-Based Practice; Humans; Meta-Analysis as Topic; Periodicals as Topic; Publication Bias; Publishing; Quality Control; Review Literature as Topic; Terminology as Topic},
	Month = {Jul},
	Number = {7},
	Pages = {e1000097},
	Pmc = {PMC2707599},
	Pmid = {19621072},
	Pst = {ppublish},
	Title = {Preferred reporting items for systematic reviews and meta-analyses: the PRISMA statement},
	Volume = {6},
	Year = {2009},
	Bdsk-File-1 = {YnBsaXN0MDDUAQIDBAUIJidUJHRvcFgkb2JqZWN0c1gkdmVyc2lvblkkYXJjaGl2ZXLRBgdUcm9vdIABqAkKFRYXGyIjVSRudWxs0wsMDQ4RFFpOUy5vYmplY3RzV05TLmtleXNWJGNsYXNzog8QgASABqISE4ACgAOAB1lhbGlhc0RhdGFccmVsYXRpdmVQYXRo0hgNGRpXTlMuZGF0YU8RAaQAAAAAAaQAAgAACEFtcmFwYWxpAAAAAAAAAAAAAAAAAAAAAAAAAMl5pDhIKwAAAJC+Kg1Nb2hlcjIwMDkucGRmAAAAAAAAAAAAAAAAAAAAAAAAAAAAAAAAAAAAAAAAAAAAAAAAAAAAAAAAAAAAAAAAAAABh9+3y78mkAAAAAAAAAAAAAMABAAACSAAAAAAAAAAAAAAAAAAAAAMU3VydmV5UGFwZXJzABAACAAAyXmWKAAAABEACAAAy78KcAAAAAEAEACQvioAkL3uAJCXAQAM8E4AAgBLQW1yYXBhbGk6QW1yYXBhbGk6AERhdGFfUXVhbGl0eV9TdXJ2ZXk6AFBhcGVyczoAU3VydmV5UGFwZXJzOgBNb2hlcjIwMDkucGRmAAAOABwADQBNAG8AaABlAHIAMgAwADAAOQAuAHAAZABmAA8AEgAIAEEAbQByAGEAcABhAGwAaQASAD5BbXJhcGFsaS9EYXRhX1F1YWxpdHlfU3VydmV5L1BhcGVycy9TdXJ2ZXlQYXBlcnMvTW9oZXIyMDA5LnBkZgATAAEvAP//AACABdIcHR4fWCRjbGFzc2VzWiRjbGFzc25hbWWjHyAhXU5TTXV0YWJsZURhdGFWTlNEYXRhWE5TT2JqZWN0XxA+Li4vLi4vLi4vRGF0YV9RdWFsaXR5X1N1cnZleS9QYXBlcnMvU3VydmV5UGFwZXJzL01vaGVyMjAwOS5wZGbSHB0kJaIlIVxOU0RpY3Rpb25hcnkSAAGGoF8QD05TS2V5ZWRBcmNoaXZlcgAIABEAFgAfACgAMgA1ADoAPABFAEsAUgBdAGUAbABvAHEAcwB2AHgAegB8AIYAkwCYAKACSAJKAk8CWAJjAmcCdQJ8AoUCxgLLAs4C2wLgAAAAAAAAAgEAAAAAAAAAKAAAAAAAAAAAAAAAAAAAAvI=}}
